@book{am2monllor,
	author = {Ingeniero Migel Omar Monllor},
	title = {Lecciones de Análisis Matemático II},
	year = {2015},
	publisher = {Universidad Tecnológica Nacional - Facultad Regional Córdoba},
},
@book{stewart2,
	author = {Stewart James},
	title = {Cálculo de varias variables. Trascendentes tempranas.},
	year = {2012},
	edition = {7},
	publisher = {Cengage Learning},
},
@book{thomas_calc_uv,
	author = {George B. Thomas, Jr.},
	title = {Cálculo, una variable},
	year = {2010},
	edition = {12},
	publisher = {Pearson Educación},
},
@book{thomas_calc_vv,
	author = {George B. Thomas, Jr.},
	title = {Cálculo, varias variables},
	year = {2010},
	edition = {12},
	publisher = {Pearson Educación},
},





