@book{presentacion,
  author = {Catedra de Ingeniería y Sociedad},
  title = {2° Revolucion Industrial},
  year = {},
  edition = {},
  publisher = {}
}
