@book{sostallings,
  author = {William Stallings},
  title = {Sistemas Operativos},
  year = {2005},
  edition = {5},
  publisher = {Pearson Educación, S.A.}
}

@book{tanenbaum,
  author = {Andrew S. Tanenbaum},
  title = {Sistemas operativos modernos.},
  year = {2009},
  edition = {3},
  publisher = {Pearson Educación.}
}
